@article{ISO2009,
author = {ISO, ISO},
journal = {International Organization for Standardization},
shorttitle = {28500},
title = {{28500: 2009 Information and documentation-WARC file format}},
year = {2009}
}
@article{Day2005,
author = {Day, MY and Tsai, TH and Sung, CL and Lee, CW},
file = {:home/ratbert/.local/share/data/Mendeley Ltd./Mendeley Desktop/Downloaded/Day et al. - 2005 - A knowledge-based approach to citation extraction.pdf:pdf},
journal = {and Integration, Conf {\ldots}},
title = {{A knowledge-based approach to citation extraction}},
url = {http://ieeexplore.ieee.org/xpls/abs{\_}all.jsp?arnumber=1506448},
year = {2005}
}
@article{Wellner2004,
author = {Wellner, B and McCallum, A and Peng, F and Hay, M},
file = {:home/ratbert/.local/share/data/Mendeley Ltd./Mendeley Desktop/Downloaded/Wellner et al. - 2004 - An integrated, conditional model of information extraction and coreference with application to citation matching.pdf:pdf},
journal = {Proceedings of the 20th},
title = {{An integrated, conditional model of information extraction and coreference with application to citation matching}},
url = {http://dl.acm.org/citation.cfm?id=1036915},
year = {2004}
}
@article{Hetzner2008,
author = {Hetzner, E},
file = {:home/ratbert/.local/share/data/Mendeley Ltd./Mendeley Desktop/Downloaded/Hetzner - 2008 - A simple method for citation metadata extraction using hidden markov models.pdf:pdf},
journal = {Proceedings of the 8th ACM/IEEE-CS joint conference},
title = {{A simple method for citation metadata extraction using hidden markov models}},
url = {http://dl.acm.org/citation.cfm?id=1378937},
year = {2008}
}
@article{Chang2006,
author = {Chang, Chia-Hui and Kayed, Mohammed and Girgis, Moheb Ramzy and Shaala, Khaled F.},
file = {:home/ratbert/.local/share/data/Mendeley Ltd./Mendeley Desktop/Downloaded/K5VJVAV6/Chang et al. - 2006 - A survey of web information extraction systems.pdf:pdf;:home/ratbert/.local/share/data/Mendeley Ltd./Mendeley Desktop/Downloaded/RJ2AAZBT/login.html:html},
journal = {Knowledge and Data Engineering, IEEE Transactions on},
number = {10},
pages = {1411--1428},
title = {{A survey of web information extraction systems}},
url = {http://ieeexplore.ieee.org/xpls/abs{\_}all.jsp?arnumber=1683775 http://ieeexplore.ieee.org/xpl/login.jsp?tp={\&}arnumber=1683775{\&}url=http{\%}3A{\%}2F{\%}2Fieeexplore.ieee.org{\%}2Fxpls{\%}2Fabs{\_}all.jsp{\%}3Farnumber{\%}3D1683775 http://www.researchgate.net/profile/Khaled{\_}Shaalan/pu},
volume = {18},
year = {2006}
}
@incollection{Gomes2011,
author = {Gomes, Daniel and Miranda, Jo{\~{a}}o and Costa, Miguel},
file = {:home/ratbert/.local/share/data/Mendeley Ltd./Mendeley Desktop/Downloaded/3EDK2UF3/Gomes et al. - 2011 - A survey on web archiving initiatives.pdf:pdf;:home/ratbert/.local/share/data/Mendeley Ltd./Mendeley Desktop/Downloaded/A7XV3CBK/978-3-642-24469-8{\_}41.html:html},
pages = {408--420},
publisher = {Springer},
title = {{A survey on web archiving initiatives}},
url = {http://link.springer.com/chapter/10.1007/978-3-642-24469-8{\_}41 http://www.researchgate.net/profile/Miguel{\_}Costa4/publication/221176373{\_}A{\_}Survey{\_}on{\_}Web{\_}Archiving{\_}Initiatives/links/004635276bb1ddf6e7000000.pdf},
year = {2011}
}
@inproceedings{Han2003,
author = {Han, Hui and Giles, C. Lee and Manavoglu, Eren and Zha, Hongyuan and Zhang, Zhenyue and Fox, Edward and Others},
file = {:home/ratbert/.local/share/data/Mendeley Ltd./Mendeley Desktop/Downloaded/ZJQ5EVA8/Han et al. - 2003 - Automatic document metadata extraction using suppo.pdf:pdf;:home/ratbert/.local/share/data/Mendeley Ltd./Mendeley Desktop/Downloaded/T3Q9SI83/login.html:html},
pages = {37--48},
publisher = {IEEE},
title = {{Automatic document metadata extraction using support vector machines}},
url = {http://ieeexplore.ieee.org/xpls/abs{\_}all.jsp?arnumber=1204842 http://citeseerx.ist.psu.edu/viewdoc/download?doi=10.1.1.147.3718{\&}rep=rep1{\&}type=pdf http://ieeexplore.ieee.org/xpl/login.jsp?tp={\&}arnumber=1204842{\&}url=http{\%}3A{\%}2F{\%}2Fieeexplore.ieee.org{\%}2Fxpls{\%}2Fab},
year = {2003}
}
@inproceedings{OrorbiaII2015,
author = {{Ororbia II}, Alexander G. and Wu, Jian and Khabsa, Madian and WIlliams, Kyle and Giles, Clyde Lee},
pages = {597--602},
publisher = {International World Wide Web Conferences Steering Committee},
shorttitle = {Big Scholarly Data in CiteSeerX},
title = {{Big Scholarly Data in CiteSeerX: Information Extraction from the Web}},
url = {http://dl.acm.org/citation.cfm?id=2741736},
year = {2015}
}
@inproceedings{Giles1998,
author = {Giles, C. Lee and Bollacker, Kurt D. and Lawrence, Steve},
file = {:home/ratbert/.local/share/data/Mendeley Ltd./Mendeley Desktop/Downloaded/4BTFNICA/Giles et al. - 1998 - CiteSeer An automatic citation indexing system.pdf:pdf;:home/ratbert/.local/share/data/Mendeley Ltd./Mendeley Desktop/Downloaded/DF7U64BA/citation.html:html},
pages = {89--98},
publisher = {ACM},
shorttitle = {CiteSeer},
title = {{CiteSeer: An automatic citation indexing system}},
url = {http://dl.acm.org/citation.cfm?id=276685 http://citeseerx.ist.psu.edu/viewdoc/download?doi=10.1.1.47.5810{\&}rep=rep1{\&}type=pdf},
year = {1998}
}
@inproceedings{Wu2014b,
author = {Wu, Jian and Williams, Kyle and Chen, Hung-Hsuan and Khabsa, Madian and Caragea, Cornelia and Ororbia, Alexander and Jordan, Douglas and Giles, C. Lee},
shorttitle = {Citeseerx},
title = {{Citeseerx: Ai in a digital library search engine}},
url = {http://www.cse.unt.edu/{~}ccaragea/papers/iaai14.pdf},
volume = {14},
year = {2014}
}
@inproceedings{Li2006,
author = {Li, Huajing and Councill, Isaac and Lee, Wang-Chien and Giles, C. Lee},
pages = {883--884},
publisher = {ACM},
shorttitle = {CiteSeerx},
title = {{CiteSeerx: an architecture and web service design for an academic document search engine}},
url = {http://dl.acm.org/citation.cfm?id=1135926},
year = {2006}
}
@incollection{Caragea2014,
author = {Caragea, Cornelia and Wu, Jian and Ciobanu, Alina and Williams, Kyle and Fern{\'{a}}ndez-Ram{\'{i}}rez, Juan and Chen, Hung-Hsuan and Wu, Zhaohui and Giles, Lee},
pages = {311--322},
publisher = {Springer},
shorttitle = {CiteSeer x},
title = {{CiteSeer x: A Scholarly Big Dataset}},
url = {http://link.springer.com/chapter/10.1007/978-3-319-06028-6{\_}26},
year = {2014}
}
@article{OrorbiaII,
author = {{Ororbia II}, Alexander G. and Wu, Jian and Giles, C. Lee},
file = {:home/ratbert/.local/share/data/Mendeley Ltd./Mendeley Desktop/Downloaded/BPSZ2JR7/Ororbia II et al. - CiteSeerX Intelligent Information Extraction and .pdf:pdf},
shorttitle = {CiteSeerX},
title = {{CiteSeerX: Intelligent Information Extraction and Knowledge Creation from Web-Based Data}},
url = {http://www.akbc.ws/2014/submissions/akbc2014{\_}submission{\_}12.pdf}
}
@inproceedings{Kittur2008,
author = {Kittur, Aniket and Chi, Ed H. and Suh, Bongwon},
file = {:home/ratbert/.local/share/data/Mendeley Ltd./Mendeley Desktop/Downloaded/G3I5HBC3/Kittur et al. - 2008 - Crowdsourcing user studies with Mechanical Turk.pdf:pdf;:home/ratbert/.local/share/data/Mendeley Ltd./Mendeley Desktop/Downloaded/5TDQ4T6V/citation.html:html},
pages = {453--456},
publisher = {ACM},
title = {{Crowdsourcing user studies with Mechanical Turk}},
url = {http://dl.acm.org/citation.cfm?id=1357127 http://web.engr.oregonstate.edu/{~}burnett/CS589empirical/CS589-statisticalStudies/mechTurks-CHI08-kittur.pdf},
year = {2008}
}
@inproceedings{Chen2013,
author = {Chen, Hung-Hsuan and Treeratpituk, Pucktada and Mitra, Prasenjit and Giles, C. Lee},
pages = {381--382},
publisher = {ACM},
shorttitle = {Csseer},
title = {{Csseer: an expert recommendation system based on citeseerx}},
url = {http://dl.acm.org/citation.cfm?id=2467750},
year = {2013}
}
@inproceedings{Gupta2003,
author = {Gupta, Suhit and Kaiser, Gail and Neistadt, David and Grimm, Peter},
file = {:home/ratbert/.local/share/data/Mendeley Ltd./Mendeley Desktop/Downloaded/WAVJHENV/Gupta et al. - 2003 - DOM-based content extraction of HTML documents.pdf:pdf;:home/ratbert/.local/share/data/Mendeley Ltd./Mendeley Desktop/Downloaded/BUXGIEPG/citation.html:html},
pages = {207--214},
publisher = {ACM},
title = {{DOM-based content extraction of HTML documents}},
url = {http://dl.acm.org/citation.cfm?id=775182 http://academiccommons.columbia.edu/download/fedora{\_}content/download/ac:110022/CONTENT/cucs-024-02.pdf},
year = {2003}
}
@article{Myllymaki2002,
author = {Myllymaki, Jussi},
file = {:home/ratbert/.local/share/data/Mendeley Ltd./Mendeley Desktop/Downloaded/T69SCE22/Myllymaki - 2002 - Effective web data extraction with standard XML te.pdf:pdf;:home/ratbert/.local/share/data/Mendeley Ltd./Mendeley Desktop/Downloaded/XE648QJ7/S1389128602002141.html:html},
journal = {Computer Networks},
number = {5},
pages = {635--644},
title = {{Effective web data extraction with standard XML technologies}},
url = {http://www.sciencedirect.com/science/article/pii/S1389128602002141 http://citeseerx.ist.psu.edu/viewdoc/download?doi=10.1.1.1.4674{\&}rep=rep1{\&}type=pdf},
volume = {39},
year = {2002}
}
@inproceedings{Lipinski2013,
author = {Lipinski, Mario and Yao, Kevin and Breitinger, Corinna and Beel, Joeran and Gipp, Bela},
file = {:home/ratbert/.local/share/data/Mendeley Ltd./Mendeley Desktop/Downloaded/BE8NNUXK/Lipinski et al. - 2013 - Evaluation of header metadata extraction approache.pdf:pdf;:home/ratbert/.local/share/data/Mendeley Ltd./Mendeley Desktop/Downloaded/STF37XGF/citation.html:html},
pages = {385--386},
publisher = {ACM},
title = {{Evaluation of header metadata extraction approaches and tools for scientific pdf documents}},
url = {http://dl.acm.org/citation.cfm?id=2467753 http://www.sciplore.org/wp-content/papercite-data/pdf/lipinski13.pdf},
year = {2013}
}
@article{Powley2007,
author = {Powley, B and Dale, R},
file = {:home/ratbert/.local/share/data/Mendeley Ltd./Mendeley Desktop/Downloaded/Powley, Dale - 2007 - Evidence-based information extraction for high accuracy citation and author name identification.pdf:pdf},
journal = {Large Scale Semantic Access to Content (Text,},
title = {{Evidence-based information extraction for high accuracy citation and author name identification}},
url = {http://dl.acm.org/citation.cfm?id=1931448},
year = {2007}
}
@article{Chen2015,
author = {Chen, Hung-Hsuan and Ororbia, I. I. and Alexander, G. and Giles, C. Lee},
journal = {arXiv preprint arXiv:1511.02058},
shorttitle = {ExpertSeer},
title = {{ExpertSeer: a Keyphrase Based Expert Recommender for Digital Libraries}},
url = {http://arxiv.org/abs/1511.02058},
year = {2015}
}
@article{Gollapalli2014,
author = {Gollapalli, SD and Qi, Y and Mitra, P and Giles, CL},
file = {:home/ratbert/.local/share/data/Mendeley Ltd./Mendeley Desktop/Downloaded/Gollapalli et al. - 2014 - Extracting Researcher Metadata with Labeled Features.pdf:pdf},
journal = {SDM},
title = {{Extracting Researcher Metadata with Labeled Features.}},
url = {http://epubs.siam.org/doi/abs/10.1137/1.9781611973440.85},
year = {2014}
}
@book{Niksic1996,
author = {Nik{\v{s}}ic, Hrvoje},
title = {{Gnu wget}},
year = {1996}
}
@incollection{Lopez2009,
author = {Lopez, Patrice},
file = {:home/ratbert/.local/share/data/Mendeley Ltd./Mendeley Desktop/Downloaded/FREX9ATF/Lopez - 2009 - GROBID Combining automatic bibliographic data rec.pdf:pdf;:home/ratbert/.local/share/data/Mendeley Ltd./Mendeley Desktop/Downloaded/ZD3V7XT6/978-3-642-04346-8{\_}62.html:html},
pages = {473--474},
publisher = {Springer},
shorttitle = {GROBID},
title = {{GROBID: Combining automatic bibliographic data recognition and term extraction for scholarship publications}},
url = {http://link.springer.com/chapter/10.1007/978-3-642-04346-8{\_}62 https://lekythos.library.ucy.ac.cy/bitstream/handle/10797/14013/ECDL069.pdf?sequence=1},
year = {2009}
}
@inproceedings{Freitag1998,
author = {Freitag, Dayne},
file = {:home/ratbert/.local/share/data/Mendeley Ltd./Mendeley Desktop/Downloaded/MVNVWVTM/Freitag - 1998 - Information extraction from HTML Application of a.pdf:pdf},
pages = {517--523},
shorttitle = {Information extraction from HTML},
title = {{Information extraction from HTML: Application of a general machine learning approach}},
url = {http://www.aaai.org/Papers/AAAI/1998/AAAI98-073.pdf},
year = {1998}
}
@inproceedings{Mohr2004,
author = {Mohr, Gordon and Stack, Michael and Rnitovic, Igor and Avery, Dan and Kimpton, Michele},
title = {{Introduction to heritrix}},
url = {ftp://pomelo.faw.at/Teaching/2005s/5hPraktikum/wpa/bestehende{\_}appli/release/wpa/WEB-INF/heritrix-1.3.0-200502281706/docs/An Introduction to Heritrix.pdf},
year = {2004}
}
@inproceedings{Wu2014,
author = {Wu, Jian and Teregowda, Pradeep and Williams, Kresimir and Khabsa, Madian and Jordan, Dirk and Treece, Eric and Wu, Zhaohui and Giles, C. Lee},
file = {:home/ratbert/.local/share/data/Mendeley Ltd./Mendeley Desktop/Downloaded/EB5X2SDA/Wu et al. - 2014 - Migrating a digital library to a private cloud.pdf:pdf;:home/ratbert/.local/share/data/Mendeley Ltd./Mendeley Desktop/Downloaded/U8ZBJX4Z/login.html:html},
pages = {97--106},
publisher = {IEEE},
title = {{Migrating a digital library to a private cloud}},
url = {http://ieeexplore.ieee.org/xpls/abs{\_}all.jsp?arnumber=6903462 http://clgiles.ist.psu.edu/pubs/ic2e2014.pdf http://ieeexplore.ieee.org/xpl/login.jsp?tp={\&}arnumber=6903462{\&}url=http{\%}3A{\%}2F{\%}2Fieeexplore.ieee.org{\%}2Fxpls{\%}2Fabs{\_}all.jsp{\%}3Farnumber{\%}3D6903462},
year = {2014}
}
@inproceedings{Bird2006,
author = {Bird, Steven},
file = {:home/ratbert/.local/share/data/Mendeley Ltd./Mendeley Desktop/Downloaded/KJTPUAE8/Bird - 2006 - NLTK the natural language toolkit.pdf:pdf;:home/ratbert/.local/share/data/Mendeley Ltd./Mendeley Desktop/Downloaded/AC5SPH8Q/citation.html:html},
pages = {69--72},
publisher = {Association for Computational Linguistics},
shorttitle = {NLTK},
title = {{NLTK: the natural language toolkit}},
url = {http://dl.acm.org/citation.cfm?id=1225421 https://minerva-access.unimelb.edu.au/bitstream/handle/11343/34053/66440{\_}00001448{\_}01{\_}nltk.pdf?sequence=1},
year = {2006}
}
@inproceedings{Loper2002,
author = {Loper, Edward and Bird, Steven},
file = {:home/ratbert/.local/share/data/Mendeley Ltd./Mendeley Desktop/Downloaded/9UPG9EQP/Loper and Bird - 2002 - NLTK The natural language toolkit.pdf:pdf;:home/ratbert/.local/share/data/Mendeley Ltd./Mendeley Desktop/Downloaded/47PBFRTR/citation.html:html},
pages = {63--70},
publisher = {Association for Computational Linguistics},
shorttitle = {NLTK},
title = {{NLTK: The natural language toolkit}},
url = {http://dl.acm.org/citation.cfm?id=1118117 http://arxiv.org/pdf/cs/0205028},
year = {2002}
}
@article{Khare2004,
author = {Khare, Rohit and Cutting, Doug and Sitaker, Kragen and Rifkin, Adam},
file = {:home/ratbert/.local/share/data/Mendeley Ltd./Mendeley Desktop/Downloaded/X9FUMHI6/Khare et al. - 2004 - Nutch A flexible and scalable open-source web sea.pdf:pdf},
journal = {Oregon State University},
shorttitle = {Nutch},
title = {{Nutch: A flexible and scalable open-source web search engine}},
url = {http://www.master.netseven.it/files/262-Nutch.pdf},
volume = {32},
year = {2004}
}
@inproceedings{Councill2008,
author = {Councill, Isaac G. and Giles, C. Lee and Kan, Min-Yen},
file = {:home/ratbert/.local/share/data/Mendeley Ltd./Mendeley Desktop/Downloaded/TTKG38MK/Councill et al. - 2008 - ParsCit an Open-source CRF Reference String Parsi.pdf:pdf},
shorttitle = {ParsCit},
title = {{ParsCit: an Open-source CRF Reference String Parsing Package.}},
url = {http://svn.tribler.org/abc/branches/leo/p2p-search/lib/parscit-080917/doc/lrec08/lrec08.pdf},
year = {2008}
}
@inproceedings{Aumuller2011,
author = {Aum{\"{u}}ller, David and Rahm, Erhard},
publisher = {managing publications on the semantic desktop. Proceedings of the 20th ACM international conference on Information and knowledge management. Doi},
title = {{PDFMeat}},
year = {2011}
}
@article{Day2007,
author = {Day, MY and Tsai, RTH and Sung, CL and Hsieh, CC and Lee, CW},
file = {:home/ratbert/.local/share/data/Mendeley Ltd./Mendeley Desktop/Downloaded/Day et al. - 2007 - Reference metadata extraction using a hierarchical knowledge representation framework.pdf:pdf},
journal = {Decision Support},
title = {{Reference metadata extraction using a hierarchical knowledge representation framework}},
url = {http://www.sciencedirect.com/science/article/pii/S0167923606001205},
year = {2007}
}
@inproceedings{Williams2014,
author = {Williams, Kresimir and Wu, Jian and Choudhury, Sagnik Ray and Khabsa, Madian and Giles, C. Lee},
pages = {68--73},
publisher = {IEEE},
title = {{Scholarly big data information extraction and integration in the CiteSeer $\chi$ digital library}},
url = {http://ieeexplore.ieee.org/xpls/abs{\_}all.jsp?arnumber=6818305},
year = {2014}
}
@incollection{Beel2010,
author = {Beel, J{\"{o}}ran and Gipp, Bela and Shaker, Ammar and Friedrich, Nick},
file = {:home/ratbert/.local/share/data/Mendeley Ltd./Mendeley Desktop/Downloaded/D37H4QJX/Beel et al. - 2010 - SciPlore Xtract Extracting Titles from Scientific.pdf:pdf;:home/ratbert/.local/share/data/Mendeley Ltd./Mendeley Desktop/Downloaded/V2FIIQ79/978-3-642-15464-5{\_}45.html:html},
pages = {413--416},
publisher = {Springer},
shorttitle = {SciPlore Xtract},
title = {{SciPlore Xtract: Extracting Titles from Scientific PDF Documents by Analyzing Style Information (Font Size)}},
url = {http://link.springer.com/chapter/10.1007/978-3-642-15464-5{\_}45 http://www.sciplore.org/publications/2010-splxtract-preprint.pdf},
year = {2010}
}
@inproceedings{Teregowda2010,
author = {Teregowda, Pradeep B. and Councill, Isaac G. and Fern{\'{a}}ndez, R. Juan Pablo and Khabsa, Madian and Zheng, Shuyi and Giles, C. Lee},
file = {:home/ratbert/.local/share/data/Mendeley Ltd./Mendeley Desktop/Downloaded/3WZG7AH2/Teregowda et al. - 2010 - Seersuite developing a scalable and reliable appl.pdf:pdf},
pages = {14--14},
publisher = {USENIX Association},
shorttitle = {Seersuite},
title = {{Seersuite: developing a scalable and reliable application framework for building digital libraries by crawling the web}},
url = {https://www.usenix.org/legacy/event/webapps10/tech/full{\_}papers/Teregowda.pdf},
year = {2010}
}
@inproceedings{Williams2014a,
author = {Williams, Kyle and Wu, Jian and Giles, C. Lee},
pages = {143--146},
publisher = {ACM},
shorttitle = {Simseerx},
title = {{Simseerx: A similar document search engine}},
url = {http://dl.acm.org/citation.cfm?id=2644895},
year = {2014}
}
@article{Ding1999,
author = {Ding, Y and Chowdhury, G and Foo, S},
file = {:home/ratbert/.local/share/data/Mendeley Ltd./Mendeley Desktop/Downloaded/Ding, Chowdhury, Foo - 1999 - Template mining for the extraction of citation from digital documents.pdf:pdf},
journal = {of the Second Asian Digital Library  {\ldots}},
title = {{Template mining for the extraction of citation from digital documents}},
url = {http://www3.ntu.edu.sg/home/sfoo/publications/1999/99adl{\_}fmt.pdf},
year = {1999}
}
@inproceedings{Chen2014,
author = {Chen, Hung-Hsuan and Khabsa, Madian and Giles, C. Lee},
pages = {225--228},
publisher = {IEEE},
title = {{The feasibility of investing in manual correction of metadata for a large-scale digital library}},
url = {http://ieeexplore.ieee.org/xpls/abs{\_}all.jsp?arnumber=6970172},
year = {2014}
}
@inproceedings{Wu2014a,
author = {Wu, Jian and Williams, Kresimir and Khabsa, Madian and Giles, C. Lee},
pages = {171--176},
publisher = {IEEE},
shorttitle = {The impact of user corrections on a crawl-based di},
title = {{The impact of user corrections on a crawl-based digital library: A CiteSeerX perspective}},
url = {http://ieeexplore.ieee.org/xpls/abs{\_}all.jsp?arnumber=7014562},
year = {2014}
}
@article{Howe2006,
author = {Howe, Jeff},
file = {:home/ratbert/.local/share/data/Mendeley Ltd./Mendeley Desktop/Downloaded/IXJWWTMS/Howe - 2006 - The rise of crowdsourcing.pdf:pdf},
journal = {Wired magazine},
number = {6},
pages = {1--4},
title = {{The rise of crowdsourcing}},
url = {http://sistemas-humano-computacionais.wikidot.com/local--files/capitulo:redes-sociais/Howe{\_}The{\_}Rise{\_}of{\_}Crowdsourcing.pdf},
volume = {14},
year = {2006}
}
@inproceedings{Wu2012,
author = {Wu, Jian and Teregowda, Pradeep and Khabsa, Madian and Carman, Stephen and Jordan, Douglas and {San Pedro Wandelmer}, Jose and Lu, Xin and Mitra, Prasenjit and Giles, C. Lee},
pages = {57--64},
publisher = {ACM},
shorttitle = {Web crawler middleware for search engine digital l},
title = {{Web crawler middleware for search engine digital libraries: a case study for citeseerX}},
url = {http://dl.acm.org/citation.cfm?id=2389949},
year = {2012}
}
@inproceedings{Kim2007,
author = {Kim, Yeonjung and Park, Jeahyun and Kim, Taehwan and Choi, Joongmin},
file = {:home/ratbert/.local/share/data/Mendeley Ltd./Mendeley Desktop/Downloaded/Q4FKTC4M/login.html:html},
pages = {2455--2460},
publisher = {IEEE},
title = {{Web information extraction by HTML tree edit distance matching}},
url = {http://ieeexplore.ieee.org/xpls/abs{\_}all.jsp?arnumber=4420619 http://ieeexplore.ieee.org/xpl/login.jsp?tp={\&}arnumber=4420619{\&}url=http{\%}3A{\%}2F{\%}2Fieeexplore.ieee.org{\%}2Fxpls{\%}2Fabs{\_}all.jsp{\%}3Farnumber{\%}3D4420619},
year = {2007}
}
@book{Burner1996,
author = {Burner, Mike and Kahle, Brewster},
title = {{WWW Archive File Format Specification}},
year = {1996}
}
@misc{CenterforHistoryandNewMedia,
annote = {Welcome to Zotero!View the Quick Start Guide to learn how to begin collecting, managing, citing, and sharing your research sources.Thanks for installing Zotero.},
author = {{Center for History and New Media}},
title = {{Zotero Quick Start Guide}},
url = {http://zotero.org/support/quick{\_}start{\_}guide}
}
